@Book{RoRo11,
author = {Morris, R. and Oliveira, R. I.},
title = {Extremal and Probabilistic Combinatorics},
year = {2011},
publisher = {IMPA},
url = {http://w3.impa.br/~rob/Extremal_and_probabilistic_combinatorics.pdf}
}

@Article{RuSz76,
    AUTHOR = {Ruzsa, I. Z. and Szemer\'edi, E.},
     TITLE = {Triple systems with no six points carrying three triangles},
   JOURNAL = {Coll. Math. Soc. J. Bolyai 18},
      YEAR = {1976},
     PAGES = {939--945},
}

@article {BrEr51,
    AUTHOR = {de Bruijn, N. G. and Erd{\"o}s, P.},
     TITLE = {A colour problem for infinite graphs and a problem in the
              theory of relations},
   JOURNAL = {Nederl. Akad. Wetensch. Proc. Ser. A. {\bf 54} = Indagationes
              Math.},
    VOLUME = {13},
      YEAR = {1951},
     PAGES = {369--373},
   MRCLASS = {56.0X},
  MRNUMBER = {MR0046630 (13,763g)},
MRREVIEWER = {A. H. Stone},
}

@article{Ra49,
    AUTHOR = {Rado, R.},
     TITLE = {Axiomatic treatment of rank in infinite sets},
   JOURNAL = {Canadian J. Math.},
  FJOURNAL = {Canadian Journal of Mathematics. Journal Canadien de
              Math\'ematiques},
    VOLUME = {1},
      YEAR = {1949},
     PAGES = {337--343},
      ISSN = {0008-414X},
   MRCLASS = {27.2X},
  MRNUMBER = {MR0031993 (11,238c)},
MRREVIEWER = {L. W. Cohen},
}



@article{ApHa77,
    AUTHOR = {Appel, Kenneth and Haken, Wolfgang},
     TITLE = {The solution of the four-color-map problem},
   JOURNAL = {Sci. Amer.},
  FJOURNAL = {Scientific American},
    VOLUME = {237},
      YEAR = {1977},
    NUMBER = {4},
     PAGES = {108--121, 152},
      ISSN = {0036-8733},
   MRCLASS = {05C15},
  MRNUMBER = {MR0543796 (58 \#27598e)},
MRREVIEWER = {Frank Allaire},
}


@article{ErSz35,
    AUTHOR = {Erd{\"o}s, P. and Szekeres, G.},
     TITLE = {A combinatorial problem in geometry},
   JOURNAL = {Compositio Math.},
  FJOURNAL = {Compositio Mathematica},
    VOLUME = {2},
      YEAR = {1935},
     PAGES = {463--470},
      ISSN = {0010-437X},
     CODEN = {CMPMAF},
   MRCLASS = {Contributed Item},
  MRNUMBER = {MR1556929},
}

}

@article {Ra29,
    AUTHOR = {Ramsey, F. P.},
     TITLE = {On a {P}roblem of {F}ormal {L}ogic},
   JOURNAL = {Proc. London Math. Soc. (2)},
  FJOURNAL = {Proceedings of the London Mathematical Society. Second Series},
    VOLUME = {30},
      YEAR = {1929},
    NUMBER = {4},
     PAGES = {264--286},
      ISSN = {0024-6115},
   MRCLASS = {DML},
  MRNUMBER = {1576401},
       DOI = {10.1112/plms/s2-30.1.264},
       URL = {https://doi.org/10.1112/plms/s2-30.1.264},
}

@article {Van27,
    AUTHOR = {van der Waerden, Bartel L.},
     TITLE = {Der {M}ultiplizit\"{a}tsbegriff der algebraischen {G}eometrie},
   JOURNAL = {Math. Ann.},
   
  FJOURNAL = {Mathematische Annalen},
    VOLUME = {97},
      YEAR = {1927},
    NUMBER = {1},
     PAGES = {756--774},
      ISSN = {0025-5831},
   MRCLASS = {DML},
  MRNUMBER = {1512387},
       DOI = {10.1007/BF01447893},
       URL = {https://doi.org/10.1007/BF01447893},
}


%NÃ£o encontrei esse no MathSciNet
@Article{Sc16,
  author = 	 {Schur, I.},
  title = 	 {\text{{\"U}ber die {K}ongruenz $x^m+y^m\equiv z^m \mod\varrho$}},
  journal = 	 {Jber.\ Deutsch.\ Math.-Verein},
  year = 	 {1916},
  volume = 	 {25},
  pages = 	 {114--117}
}

@Article{Er47,
    AUTHOR = {Erd{\"o}s, P.},
     TITLE = {Some remarks on the theory of graphs},
   JOURNAL = {Bull. Amer. Math. Soc.},
  FJOURNAL = {Bulletin of the American Mathematical Society},
    VOLUME = {53},
      YEAR = {1947},
     PAGES = {292--294},
      ISSN = {0002-9904},
   MRCLASS = {56.0X},
  MRNUMBER = {MR0019911 (8,479d)},
MRREVIEWER = {H. S. M. Coxeter},
}

}

@Article{MoSo00,
    AUTHOR = {Morris, W. and Soltan, V.},
     TITLE = {The {E}rd{\H o}s-{S}zekeres problem on points in convex
              position---a survey},
   JOURNAL = {Bull. Amer. Math. Soc. (N.S.)},
  FJOURNAL = {American Mathematical Society. Bulletin. New Series},
    VOLUME = {37},
      YEAR = {2000},
    NUMBER = {4},
     PAGES = {437--458 (electronic)},
      ISSN = {0273-0979},
     CODEN = {BAMOAD},
   MRCLASS = {52C10 (05A15)},
  MRNUMBER = {MR1779413 (2001e:52030)},
}

@Article{Gr94,
    AUTHOR = {Graham, R. L.},
     TITLE = {Recent trends in {E}uclidean {R}amsey theory},
      NOTE = {Trends in discrete mathematics},
   JOURNAL = {Discrete Math.},
  FJOURNAL = {Discrete Mathematics},
    VOLUME = {136},
      YEAR = {1994},
    NUMBER = {1-3},
     PAGES = {119--127},
      ISSN = {0012-365X},
     CODEN = {DSMHA4},
   MRCLASS = {05D10},
  MRNUMBER = {MR1313284 (95m:05243)},
MRREVIEWER = {Wen Li Chen},

}


@article{ErdKoRado61,
 author = {Erd\H{o}s, P. and Ko, Chao and Rado, R.},
 title = {Intersection theorems for systems of finite sets},
 year = {1961},
 journal = {Quart. J. Math. Oxford Ser. (2)},
 volume = {12},
 pages={313--320}
 }


@article{Ka72,
    AUTHOR = {Katona, Gy.},
     TITLE = {Intersection theorems for systems of finite sets},
   JOURNAL = {Acta Math. Acad. Sci. Hungar},
  FJOURNAL = {Acta Mathematica Academiae Scientiarum Hungaricae},
    VOLUME = {15},
      YEAR = {1964},
     PAGES = {329--337},
      ISSN = {0001-5954},
   MRCLASS = {04.60},
  MRNUMBER = {MR0168468 (29 \#5731)},
MRREVIEWER = {H. J. Keisler},
}


@article{ErGrMoRoSpSt73,
    AUTHOR = {Erd{\H{o}}s, P. and Graham, R. L. and Montgomery, P. and
              Rothschild, B. L. and Spencer, J. and Straus, E. G.},
     TITLE = {Euclidean {R}amsey theorems. {I}},
   JOURNAL = {J. Combinatorial Theory Ser. A},
  FJOURNAL = {Journal of Combinatorial Theory. Series A},
    VOLUME = {14},
      YEAR = {1973},
     PAGES = {341--363},
   MRCLASS = {05B30},
  MRNUMBER = {MR0316277 (47 \#4825)},
MRREVIEWER = {Vaclav Chvatal},
 }

@article{ErGrMoRoSpSt75,
    AUTHOR = {Erd{\H{o}}s, P. and Graham, R. L. and Montgomery, P. and
              Rothschild, B. L. and Spencer, J. and Straus, E. G.},
     TITLE = {Euclidean {R}amsey theorems. {II}},
 BOOKTITLE = {Infinite and finite sets ({C}olloq., {K}eszthely, 1973;
              dedicated to {P}. {E}rd{\H o}s on his 60th birthday), {V}ol.
              {I}},
     PAGES = {529--557. Colloq. Math. Soc. J\'anos Bolyai, Vol. 10},
 PUBLISHER = {North-Holland},
   ADDRESS = {Amsterdam},
      YEAR = {1975},
   MRCLASS = {05C15},
  MRNUMBER = {MR0382047 (52 \#2935)},
MRREVIEWER = {Vaclav Chvatal},
 }

@article{ErGrMoRoSpSt75-2,
    AUTHOR = {Erd{\H{o}}s, P. and Graham, R. L. and Montgomery, P. and
              Rothschild, B. L. and Spencer, J. and Straus, E. G.},
     TITLE = {Euclidean {R}amsey theorems. {III}},
 BOOKTITLE = {Infinite and finite sets ({C}olloq., {K}eszthely, 1973;
              dedicated to {P}. {E}rd{\H o}s on his 60th birthday), {V}ol.
              {I}},
     PAGES = {559--583. Colloq. Math. Soc. J\'anos Bolyai, Vol. 10},
 PUBLISHER = {North-Holland},
   ADDRESS = {Amsterdam},
      YEAR = {1975},
   MRCLASS = {05C15},
  MRNUMBER = {MR0382048 (52 \#2936)},
MRREVIEWER = {Vaclav Chvatal},
 }

@article{Gr08,
    AUTHOR = {Graham, Ron},
     TITLE = {Old and new problems and results in {R}amsey theory},
 BOOKTITLE = {Horizons of combinatorics},
    SERIES = {Bolyai Soc. Math. Stud.},
    VOLUME = {17},
     PAGES = {105--118},
 PUBLISHER = {Springer},
   ADDRESS = {Berlin},
      YEAR = {2008},
   MRCLASS = {05D10 (05C55)},
  MRNUMBER = {MR2432529 (2009h:05207)},
MRREVIEWER = {Lingsheng Shi},
 }


@article{FrRo90,
    AUTHOR = {Frankl, P. and R{\"o}dl, V.},
     TITLE = {A partition property of simplices in {E}uclidean space},
   JOURNAL = {J. Amer. Math. Soc.},
  FJOURNAL = {Journal of the American Mathematical Society},
    VOLUME = {3},
      YEAR = {1990},
    NUMBER = {1},
     PAGES = {1--7},
      ISSN = {0894-0347},
   MRCLASS = {52A37 (05A99)},
  MRNUMBER = {MR1020148 (90i:52015)},
MRREVIEWER = {R. L. Graham},
}

@article{Is59,
    AUTHOR = {Isbell, J. R.},
     TITLE = {An inequality for incidence matrices},
   JOURNAL = {Proc. Amer. Math. Soc.},
  FJOURNAL = {Proceedings of the American Mathematical Society},
    VOLUME = {10},
      YEAR = {1959},
     PAGES = {216--218},
      ISSN = {0002-9939},
   MRCLASS = {05.00 (50.00)},
  MRNUMBER = {MR0104592 (21 \#3345)},
MRREVIEWER = {N. G. de Bruijn},
 }


@article{Ma53,
    AUTHOR = {Majumdar, Kulendra N.},
     TITLE = {On some theorems in combinatorics relating to incomplete block
              designs},
   JOURNAL = {Ann. Math. Statistics},
  FJOURNAL = {Annals of Mathematical Statistics},
    VOLUME = {24},
      YEAR = {1953},
     PAGES = {377--389},
      ISSN = {0003-4851},
   MRCLASS = {09.0X},
  MRNUMBER = {MR0056559 (15,93e)},
MRREVIEWER = {H. B. Mann},
 }

@article{Na72,
    AUTHOR = {Nagy, Zsigmond},
     TITLE = {A certain constructive estimate of the {R}amsey number},
   JOURNAL = {Mat. Lapok},
  FJOURNAL = {Matematikai Lapok. Bolyai J\'anos Matematikai T\'arsulat},
    VOLUME = {23},
      YEAR = {1972},
     PAGES = {301--302 (1974)},
      ISSN = {0025-519X},
   MRCLASS = {04A20 (05C15 05A17)},
  MRNUMBER = {MR0363915 (51 \#170)},
MRREVIEWER = {L. Bukovsky},
 }

@article {FrRo87,
   AUTHOR = {Frankl, Peter and R{\"o}dl, Vojt{\v{e}}ch},
    TITLE = {Forbidden intersections},
  JOURNAL = {Trans. Amer. Math. Soc.},
 FJOURNAL = {Transactions of the American Mathematical Society},
   VOLUME = {300},
     YEAR = {1987},
   NUMBER = {1},
    PAGES = {259--286},
     ISSN = {0002-9947},
    CODEN = {TAMTAM},
  MRCLASS = {05A05 (94B25)},
 MRNUMBER = {MR871675 (88m:05003)},
MRREVIEWER = {G. O. H. Katona},
}

@article {FrWi81,
   AUTHOR = {Frankl, P. and Wilson, R. M.},
    TITLE = {Intersection theorems with geometric consequences},
  JOURNAL = {Combinatorica},
 FJOURNAL = {Combinatorica. An International Journal of the J\'anos Bolyai
             Mathematical Society},
   VOLUME = {1},
     YEAR = {1981},
   NUMBER = {4},
    PAGES = {357--368},
     ISSN = {0209-9683},
    CODEN = {COMBDI},
  MRCLASS = {05C35 (05A17 05A20 05C15)},
 MRNUMBER = {MR647986 (84g:05085)},
MRREVIEWER = {E. C. Milner},
}

@article {KaKa93,
    AUTHOR = {Kahn, Jeff and Kalai, Gil},
     TITLE = {A counterexample to {B}orsuk's conjecture},
   JOURNAL = {Bull. Amer. Math. Soc. (N.S.)},
  FJOURNAL = {American Mathematical Society. Bulletin. New Series},
    VOLUME = {29},
      YEAR = {1993},
    NUMBER = {1},
     PAGES = {60--62},
      ISSN = {0273-0979},
     CODEN = {BAMOAD},
   MRCLASS = {52A20},
  MRNUMBER = {MR1193538 (94a:52007)},
MRREVIEWER = {Philip L. Bowers},
}

@article {Lo78,
    AUTHOR = {Lov{\'a}sz, L.},
     TITLE = {Kneser's conjecture, chromatic number, and homotopy},
   JOURNAL = {J. Combin. Theory Ser. A},
  FJOURNAL = {Journal of Combinatorial Theory. Series A},
    VOLUME = {25},
      YEAR = {1978},
    NUMBER = {3},
     PAGES = {319--324},
      ISSN = {0097-3165},
     CODEN = {JCBTA7},
   MRCLASS = {05C15 (57M15)},
  MRNUMBER = {MR514625 (81g:05059)},
}

@article {Ba78,
    AUTHOR = {B{\'a}r{\'a}ny, I.},
     TITLE = {A short proof of {K}neser's conjecture},
   JOURNAL = {J. Combin. Theory Ser. A},
  FJOURNAL = {Journal of Combinatorial Theory. Series A},
    VOLUME = {25},
      YEAR = {1978},
    NUMBER = {3},
     PAGES = {325--326},
      ISSN = {0097-3165},
     CODEN = {JCBTA7},
   MRCLASS = {05C15 (05A17 55M99)},
  MRNUMBER = {MR514626 (81g:05056)},
}

@article {LuPhSa88,
    AUTHOR = {Lubotzky, A. and Phillips, R. and Sarnak, P.},
     TITLE = {Ramanujan graphs},
   JOURNAL = {Combinatorica},
  FJOURNAL = {Combinatorica. An International Journal of the J\'anos Bolyai
              Mathematical Society},
    VOLUME = {8},
      YEAR = {1988},
    NUMBER = {3},
     PAGES = {261--277},
      ISSN = {0209-9683},
     CODEN = {COMBDI},
   MRCLASS = {05C75 (05C25 05C50)},
  MRNUMBER = {MR963118 (89m:05099)},
MRREVIEWER = {Dave Witte Morris},
       DOI = {10.1007/BF02126799},
       URL = {http://dx.doi.org/10.1007/BF02126799},
}

@article {Ja87,
    AUTHOR = {Janson, Svante},
     TITLE = {Poisson convergence and {P}oisson processes with applications
              to random graphs},
   JOURNAL = {Stochastic Process. Appl.},
  FJOURNAL = {Stochastic Processes and their Applications},
    VOLUME = {26},
      YEAR = {1987},
    NUMBER = {1},
     PAGES = {1--30},
      ISSN = {0304-4149},
   MRCLASS = {60F05 (05C80 60C05)},
  MRNUMBER = {917244},
MRREVIEWER = {Micha\l  Karo\'{n}ski},
       DOI = {10.1016/0304-4149(87)90048-2},
       URL = {https://doi.org/10.1016/0304-4149(87)90048-2},
}


@article {Mar88,
    AUTHOR = {Margulis, G. A.},
     TITLE = {Explicit group-theoretic constructions of combinatorial
              schemes and their applications in the construction of
              expanders and concentrators},
   JOURNAL = {Problemy Peredachi Informatsii},
  FJOURNAL = {Akademiya Nauk SSSR. Institut Problem Peredachi Informatsii
              Akademii Nauk SSSR. Problemy Peredachi Informatsii},
    VOLUME = {24},
      YEAR = {1988},
    NUMBER = {1},
     PAGES = {51--60},
      ISSN = {0555-2923},
   MRCLASS = {68R10 (05C99 94A15)},
  MRNUMBER = {MR939574 (89f:68054)},
MRREVIEWER = {Mirko K{\v{r}}iv{\'a}nek},
}

@incollection {Lo09,
    AUTHOR = {Lov{\'a}sz, L{\'a}szl{\'o}},
     TITLE = {Very large graphs},
 BOOKTITLE = {Current developments in mathematics, 2008},
     PAGES = {67--128},
 PUBLISHER = {Int. Press, Somerville, MA},
      YEAR = {2009},
   MRCLASS = {05C82 (68M11 68R10 68W20)},
  MRNUMBER = {MR2555927},
}


@article {KiVu00,
    AUTHOR = {Kim, Jeong Han and Vu, Van H.},
     TITLE = {Concentration of multivariate polynomials and its
              applications},
   JOURNAL = {Combinatorica},
  FJOURNAL = {Combinatorica. An International Journal on Combinatorics and
              the Theory of Computing},
    VOLUME = {20},
      YEAR = {2000},
    NUMBER = {3},
     PAGES = {417--434},
      ISSN = {0209-9683},
   MRCLASS = {05C80 (60C05)},
  MRNUMBER = {MR1774845 (2002b:05123)},
MRREVIEWER = {Tomasz J. {\L}uczak},
       URL = {http://dx.doi.org/10.1007/s004930070014},
}

@article {El08,
    AUTHOR = {Elek, G{\'a}bor},
     TITLE = {Weak convergence of finite graphs, integrated density of
              states and a {C}heeger type inequality},
   JOURNAL = {J. Combin. Theory Ser. B},
  FJOURNAL = {Journal of Combinatorial Theory. Series B},
    VOLUME = {98},
      YEAR = {2008},
    NUMBER = {1},
     PAGES = {62--68},
      ISSN = {0095-8956},
     CODEN = {JCBTB8},
   MRCLASS = {05C50},
  MRNUMBER = {MR2368023 (2008h:05075)},
       DOI = {10.1016/j.jctb.2007.03.004},
       URL = {http://dx.doi.org/10.1016/j.jctb.2007.03.004},
}


@article {El07,
    AUTHOR = {Elek, G{\'a}bor},
     TITLE = {On limits of finite graphs},
   JOURNAL = {Combinatorica},
  FJOURNAL = {Combinatorica. An International Journal on Combinatorics and
              the Theory of Computing},
    VOLUME = {27},
      YEAR = {2007},
    NUMBER = {4},
     PAGES = {503--507},
      ISSN = {0209-9683},
   MRCLASS = {05C80},
  MRNUMBER = {MR2359831 (2008h:05106)},
MRREVIEWER = {Anthony Bonato},
       DOI = {10.1007/s00493-007-2214-8},
       URL = {http://dx.doi.org/10.1007/s00493-007-2214-8},
}


@article {BeSc01,
    AUTHOR = {Benjamini, Itai and Schramm, Oded},
     TITLE = {Recurrence of distributional limits of finite planar graphs},
   JOURNAL = {Electron. J. Probab.},
  FJOURNAL = {Electronic Journal of Probability},
    VOLUME = {6},
      YEAR = {2001},
     PAGES = {no. 23, 13 pp. (electronic)},
      ISSN = {1083-6489},
   MRCLASS = {82B41 (05C80 52C26 60G50)},
  MRNUMBER = {MR1873300 (2002m:82025)},
MRREVIEWER = {Olle H{\"a}ggstr{\"o}m},
       URL =
              {http://www.math.washington.edu/~ejpecp/EjpVol6/paper23.abs.html},
}


@article {ChGrWi88,
    AUTHOR = {Chung, F. R. K. and Graham, R. L. and Wilson, R. M.},
     TITLE = {Quasirandom graphs},
   JOURNAL = {Proc. Nat. Acad. Sci. U.S.A.},
  FJOURNAL = {Proceedings of the National Academy of Sciences of the United
              States of America},
    VOLUME = {85},
      YEAR = {1988},
    NUMBER = {4},
     PAGES = {969--970},
      ISSN = {0027-8424},
     CODEN = {PNASA6},
   MRCLASS = {05C80},
  MRNUMBER = {MR928566 (89a:05116)},
MRREVIEWER = {Zbigniew Palka},
}


@article {ChGr02,
    AUTHOR = {Chung, Fan and Graham, Ronald},
     TITLE = {Sparse quasi-random graphs},
      NOTE = {Special issue: Paul Erd{\H{o}}s and his mathematics},
   JOURNAL = {Combinatorica},
  FJOURNAL = {Combinatorica. An International Journal on Combinatorics and
              the Theory of Computing},
    VOLUME = {22},
      YEAR = {2002},
    NUMBER = {2},
     PAGES = {217--244},
      ISSN = {0209-9683},
   MRCLASS = {05C35 (05C75 05C80)},
  MRNUMBER = {1909084 (2003d:05110)},
MRREVIEWER = {A. G. Thomason},
       DOI = {10.1007/s004930200010},
       URL = {http://dx.doi.org/10.1007/s004930200010},
}


@article {ChGr08,
    AUTHOR = {Chung, Fan and Graham, Ron},
     TITLE = {Quasi-random graphs with given degree sequences},
   JOURNAL = {Random Structures Algorithms},
  FJOURNAL = {Random Structures \& Algorithms},
    VOLUME = {32},
      YEAR = {2008},
    NUMBER = {1},
     PAGES = {1--19},
      ISSN = {1042-9832},
   MRCLASS = {05C80 (05C07 05C35 60C05)},
  MRNUMBER = {MR2371048 (2009a:05189)},
MRREVIEWER = {Michael Krivelevich},
       URL = {http://dx.doi.org/10.1002/rsa.20188},
}

@incollection {GeSt05,
    AUTHOR = {Gerke, Stefanie and Steger, Angelika},
     TITLE = {The sparse regularity lemma and its applications},
 BOOKTITLE = {Surveys in combinatorics 2005},
    SERIES = {London Math. Soc. Lecture Note Ser.},
    VOLUME = {327},
     PAGES = {227--258},
 PUBLISHER = {Cambridge Univ. Press},
   ADDRESS = {Cambridge},
      YEAR = {2005},
   MRCLASS = {05C35},
  MRNUMBER = {MR2187740 (2006m:05118)},
MRREVIEWER = {G{\'a}bor N. S{\'a}rk{\"o}zy},
}

@incollection {KoSi96,
    AUTHOR = {Koml{\'o}s, J. and Simonovits, M.},
     TITLE = {Szemer\'edi's regularity lemma and its applications in graph
              theory},
 BOOKTITLE = {Combinatorics, {P}aul {E}rd{\H o}s is eighty, {V}ol.\ 2
              ({K}eszthely, 1993)},
    SERIES = {Bolyai Soc. Math. Stud.},
    VOLUME = {2},
     PAGES = {295--352},
 PUBLISHER = {J\'anos Bolyai Math. Soc.},
   ADDRESS = {Budapest},
      YEAR = {1996},
   MRCLASS = {05C35},
  MRNUMBER = {MR1395865 (97d:05172)},
MRREVIEWER = {W. G. Brown},
}

@article {KoLuRo97,
    AUTHOR = {Kohayakawa, Y. and {\L}uczak, T. and R{\"o}dl, V.},
     TITLE = {On {$K^4$}-free subgraphs of random graphs},
   JOURNAL = {Combinatorica},
  FJOURNAL = {Combinatorica. An International Journal on Combinatorics and
              the Theory of Computing},
    VOLUME = {17},
      YEAR = {1997},
    NUMBER = {2},
     PAGES = {173--213},
      ISSN = {0209-9683},
   MRCLASS = {05C80 (05C35)},
  MRNUMBER = {MR1479298 (98h:05166)},
MRREVIEWER = {Mark R. Jerrum},
       URL = {http://dx.doi.org/10.1007/BF01200906},
}

@article {Be83,
    AUTHOR = {Beck, J{\'o}zsef},
     TITLE = {On size {R}amsey number of paths, trees, and circuits. {I}},
   JOURNAL = {J. Graph Theory},
  FJOURNAL = {Journal of Graph Theory},
    VOLUME = {7},
      YEAR = {1983},
    NUMBER = {1},
     PAGES = {115--129},
      ISSN = {0364-9024},
     CODEN = {JGTHDO},
   MRCLASS = {05C55},
  MRNUMBER = {MR693028 (84g:05102)},
MRREVIEWER = {Saul Stahl},
       DOI = {10.1002/jgt.3190070115},
       URL = {http://dx.doi.org/10.1002/jgt.3190070115},
}

@article {ChRoSzTr83,
    AUTHOR = {Chvat{\'a}l, C. and R{\"o}dl, V. and Szemer{\'e}di, E. and
              Trotter, Jr., W. T.},
     TITLE = {The {R}amsey number of a graph with bounded maximum degree},
   JOURNAL = {J. Combin. Theory Ser. B},
  FJOURNAL = {Journal of Combinatorial Theory. Series B},
    VOLUME = {34},
      YEAR = {1983},
    NUMBER = {3},
     PAGES = {239--243},
      ISSN = {0095-8956},
     CODEN = {JCBTB8},
   MRCLASS = {05C55},
  MRNUMBER = {MR714447 (85f:05085)},
MRREVIEWER = {Stefan A. Burr},
       DOI = {10.1016/0095-8956(83)90037-0},
       URL = {http://dx.doi.org/10.1016/0095-8956(83)90037-0},
}

@inproceedings {AlCh88,
    AUTHOR = {Alon, N. and Chung, F. R. K.},
     TITLE = {Explicit construction of linear sized tolerant networks},
 BOOKTITLE = {Proceedings of the {F}irst {J}apan {C}onference on {G}raph
              {T}heory and {A}pplications ({H}akone, 1986)},
   JOURNAL = {Discrete Math.},
  FJOURNAL = {Discrete Mathematics},
    VOLUME = {72},
      YEAR = {1988},
    NUMBER = {1-3},
     PAGES = {15--19},
      ISSN = {0012-365X},
     CODEN = {DSMHA4},
   MRCLASS = {05C38 (05C35 90B10)},
  MRNUMBER = {MR975519 (90f:05080)},
       DOI = {10.1016/0012-365X(88)90189-6},
       URL = {http://dx.doi.org/10.1016/0012-365X(88)90189-6},
}

%Nao encontrei esse no mathscinet
@Article{Ha35,
	author = "Philip Hall",
	title = "On representatives of subsets",
	journal = "Journal of London Mathematical Society",
	year = "1935",
	pages = "26-30"
}

@article {Ra67,
    AUTHOR = {Rado, R.},
     TITLE = {Note on the transfinite case of {H}all's theorem on
              representatives},
   JOURNAL = {J. London Math. Soc.},
  FJOURNAL = {Journal of the London Mathematical Society. Second Series},
    VOLUME = {42},
      YEAR = {1967},
     PAGES = {321--324},
      ISSN = {0024-6107},
   MRCLASS = {05.10},
  MRNUMBER = {MR0211883 (35 \#2758)},
MRREVIEWER = {A. H. Kruse},
}

@article {FrPi87,
    AUTHOR = {Friedman, J. and Pippenger, N.},
     TITLE = {Expanding graphs contain all small trees},
   JOURNAL = {Combinatorica},
  FJOURNAL = {Combinatorica. An International Journal of the J\'anos Bolyai
              Mathematical Society},
    VOLUME = {7},
      YEAR = {1987},
    NUMBER = {1},
     PAGES = {71--76},
      ISSN = {0209-9683},
     CODEN = {COMBDI},
   MRCLASS = {05C05 (05C35 05C55)},
  MRNUMBER = {MR905153 (88k:05063)},
MRREVIEWER = {Yair Caro},
       DOI = {10.1007/BF02579202},
       URL = {http://dx.doi.org/10.1007/BF02579202},
}

@article {NeRo79,
    AUTHOR = {Ne{\v{s}}et{\v{r}}il, Jaroslav and R{\"o}dl, Vojt{\v{e}}ch},
     TITLE = {A short proof of the existence of highly chromatic hypergraphs
              without short cycles},
   JOURNAL = {J. Combin. Theory Ser. B},
  FJOURNAL = {Journal of Combinatorial Theory. Series B},
    VOLUME = {27},
      YEAR = {1979},
    NUMBER = {2},
     PAGES = {225--227},
      ISSN = {0095-8956},
     CODEN = {JCBTB8},
   MRCLASS = {05C15 (05C65)},
  MRNUMBER = {MR546865 (81b:05048)},
MRREVIEWER = {F. Harary},
       DOI = {10.1016/0095-8956(79)90084-4},
       URL = {http://dx.doi.org/10.1016/0095-8956(79)90084-4},
}


@article {ErReSo66,
    AUTHOR = {Erd{\H{o}}s, P. and R{\'e}nyi, A. and S{\'o}s, V. T.},
     TITLE = {On a problem of graph theory},
   JOURNAL = {Studia Sci. Math. Hungar.},
  FJOURNAL = {Studia Scientiarum Mathematicarum Hungarica. A Quarterly of
              the Hungarian Academy of Sciences},
    VOLUME = {1},
      YEAR = {1966},
     PAGES = {215--235},
      ISSN = {0081-6906},
   MRCLASS = {05.40},
  MRNUMBER = {MR0223262 (36 \#6310)},
MRREVIEWER = {F. Harary},
}

@incollection {ErFu83,
    AUTHOR = {Erd{\H{o}}s, P. and F{\"u}redi, Z.},
     TITLE = {The greatest angle among {$n$} points in the {$d$}-dimensional
              {E}uclidean space},
 BOOKTITLE = {Combinatorial mathematics ({M}arseille-{L}uminy, 1981)},
    SERIES = {North-Holland Math. Stud.},
    VOLUME = {75},
     PAGES = {275--283},
 PUBLISHER = {North-Holland},
   ADDRESS = {Amsterdam},
      YEAR = {1983},
   MRCLASS = {52A37},
  MRNUMBER = {MR841305 (87g:52018)},
MRREVIEWER = {L. M. Kelly},
}

@article {DaGr62,
    AUTHOR = {Danzer, L. and Gr{\"u}nbaum, B.},
     TITLE = {\"{U}ber zwei {P}robleme bez\"uglich konvexer {K}\"orper von
              {P}. {E}rd{\H o}s und von {V}. {L}. {K}lee},
   JOURNAL = {Math. Z.},
  FJOURNAL = {Mathematische Zeitschrift},
    VOLUME = {79},
      YEAR = {1962},
     PAGES = {95--99},
      ISSN = {0025-5874},
   MRCLASS = {52.30},
  MRNUMBER = {MR0138040 (25 \#1488)},
MRREVIEWER = {Victor Klee},
}

@article {Er57,
    AUTHOR = {Erd{\H{o}}s, Paul},
     TITLE = {Some unsolved problems},
   JOURNAL = {Michigan Math. J.},
  FJOURNAL = {The Michigan Mathematical Journal},
    VOLUME = {4},
      YEAR = {1957},
     PAGES = {291--300},
      ISSN = {0026-2285},
   MRCLASS = {10.00 (41.00)},
  MRNUMBER = {MR0098702 (20 \#5157)},
MRREVIEWER = {S. Chowla},
}

@book {GrKnPa94,
    AUTHOR = {Graham, Ronald L. and Knuth, Donald E. and Patashnik, Oren},
     TITLE = {Concrete mathematics},
   EDITION = {Second},
      NOTE = {A foundation for computer science},
 PUBLISHER = {Addison-Wesley Publishing Company},
   ADDRESS = {Reading, MA},
      YEAR = {1994},
     PAGES = {xiv+657},
      ISBN = {0-201-55802-5},
   MRCLASS = {68-01 (00-01 00A05 05-01 68Rxx)},
  MRNUMBER = {MR1397498 (97d:68003)},
MRREVIEWER = {Volker Strehl},
}

@incollection {HaRa17,
    AUTHOR = {Hardy, G. H. and Ramanujan, S.},
     TITLE = {The normal number of prime factors of a number {$n$} [{Q}uart.
              {J}. {M}ath. {\bf 48} (1917), 76--92]},
 BOOKTITLE = {Collected papers of {S}rinivasa {R}amanujan},
     PAGES = {262--275},
 PUBLISHER = {AMS Chelsea Publ., Providence, RI},
      YEAR = {2000},
   MRCLASS = {01A75},
  MRNUMBER = {MR2280878},
}

%NÃ£o encontrei esse no MathSciNet
@article {Tu34,
    AUTHOR = {TurÃ¡n, Paul},
     TITLE = {On a theorem of Hardy and Ramanujan},
   JOURNAL = {J. London Math. Soc.},
    VOLUME = {9},
      YEAR = {1934},
     PAGES = {274--276},
}

@article {ErKa40,
    AUTHOR = {Erd\H{o}s, P. and Kac, M.},
     TITLE = {The {G}aussian law of errors in the theory of additive number
              theoretic functions},
   JOURNAL = {Amer. J. Math.},
  FJOURNAL = {American Journal of Mathematics},
    VOLUME = {62},
      YEAR = {1940},
     PAGES = {738--742},
      ISSN = {0002-9327},
   MRCLASS = {10.0X},
  MRNUMBER = {MR0002374 (2,42c)},
MRREVIEWER = {E. R. van Kampen},
}

@book {Kh52,
    AUTHOR = {Khinchin, A. Y.},
     TITLE = {Three pearls of number theory},
 PUBLISHER = {Graylock Press},
   ADDRESS = {Rochester, N. Y.},
      YEAR = {1952},
     PAGES = {64},
   MRCLASS = {10.0X},
  MRNUMBER = {MR0046372 (13,724b)},
}

@article {BaBoMo09,
    AUTHOR = {Balogh, J{\'o}zsef and Bollob{\'a}s, B{\'e}la and Morris, Robert},
     TITLE = {Bootstrap percolation in three dimensions},
   JOURNAL = {Ann. Probab.},
  FJOURNAL = {The Annals of Probability},
    VOLUME = {37},
      YEAR = {2009},
    NUMBER = {4},
     PAGES = {1329--1380},
      ISSN = {0091-1798},
     CODEN = {APBYAE},
   MRCLASS = {60K35 (60C05 82B43)},
  MRNUMBER = {MR2546747},
       DOI = {10.1214/08-AOP433},
       URL = {http://dx.doi.org/10.1214/08-AOP433},
}

@article {BaBoMo09a,
    AUTHOR = {Balogh, J{\'o}zsef and Bollob{\'a}s, B{\'e}la and Morris, Robert},
     TITLE = {Majority bootstrap percolation on the hypercube},
   JOURNAL = {Combin. Probab. Comput.},
  FJOURNAL = {Combinatorics, Probability and Computing},
    VOLUME = {18},
      YEAR = {2009},
    NUMBER = {1-2},
     PAGES = {17--51},
      ISSN = {0963-5483},
   MRCLASS = {05C80},
  MRNUMBER = {MR2497373},
       DOI = {10.1017/S0963548308009322},
       URL = {http://dx.doi.org/10.1017/S0963548308009322},
}

@article {AlYu06,
    AUTHOR = {Alon, Noga and Yuster, Raphael},
     TITLE = {The number of orientations having no fixed tournament},
   JOURNAL = {Combinatorica},
  FJOURNAL = {Combinatorica. An International Journal on Combinatorics and
              the Theory of Computing},
    VOLUME = {26},
      YEAR = {2006},
    NUMBER = {1},
     PAGES = {1--16},
      ISSN = {0209-9683},
   MRCLASS = {05C35 (05C20)},
  MRNUMBER = {MR2201280 (2006j:05095)},
MRREVIEWER = {Moshe Rosenfeld},
       DOI = {10.1007/s00493-006-0001-6},
       URL = {http://dx.doi.org/10.1007/s00493-006-0001-6},
}

@InCollection{KoRoScSk10,
 author =       {Kohayakawa, Y. and R\"odl, V. and Schacht, M. and Skokan, J.},
 title =        {On the triangle removal lemma for subgraphs of sparse
                 pseudorandom graphs},
 booktitle =    {An Irregular Mind; Szemer\'edi is 70},
 OPTcrossref =  {},
 OPTkey =       {},
 pages =        {359--404},
 publisher = {Springer},
 year =         {2010},
 editor =       {I. B\'ar\'any and J. Solymosi},
 OPTvolume =    {},
 OPTnumber =    {},
 OPTseries =    {},
 OPTtype =      {},
 OPTchapter =   {},
 OPTaddress =   {},
 OPTedition =   {},
 OPTmonth =     {},
 OPTnote =      {to appear},
 OPTannote =    {Submitted on 16 March 2010; accepted 16 April 2010}
}

@article {Na82,
    AUTHOR = {Nair, M.},
     TITLE = {On {C}hebyshev-type inequalities for primes},
   JOURNAL = {Amer. Math. Monthly},
  FJOURNAL = {The American Mathematical Monthly},
    VOLUME = {89},
      YEAR = {1982},
    NUMBER = {2},
     PAGES = {126--129},
      ISSN = {0002-9890},
     CODEN = {AMMYAE},
   MRCLASS = {10H15},
  MRNUMBER = {MR643279 (83f:10043)},
MRREVIEWER = {S. Ikehara},
       DOI = {10.2307/2320934},
       URL = {http://dx.doi.org/10.2307/2320934},
}

@article {Cho44,
    AUTHOR = {Chowla, S.},
     TITLE = {Solution of a problem of {E}rd{\H o}s and {T}ur{\'a}n in
              additive-number-theory},
   JOURNAL = {Proc. Lahore Philos. Soc.},
    VOLUME = {6},
      YEAR = {1944},
     PAGES = {13--14},
   MRCLASS = {10.0X},
  MRNUMBER = {MR0014116 (7,243c)},
MRREVIEWER = {P. Erd{\"o}s},
}



@article {Sin38,
    AUTHOR = {Singer, James},
     TITLE = {A theorem in finite projective geometry and some applications
              to number theory},
   JOURNAL = {Trans. Amer. Math. Soc.},
  FJOURNAL = {Transactions of the American Mathematical Society},
    VOLUME = {43},
      YEAR = {1938},
    NUMBER = {3},
     PAGES = {377--385},
      ISSN = {0002-9947},
     CODEN = {TAMTAM},
   MRCLASS = {51E15 (05B10 05B25)},
  MRNUMBER = {MR1501951},
       DOI = {10.2307/1990067},
       URL = {http://dx.doi.org/10.2307/1990067},
}
		
@article {Erd44,
    AUTHOR = {Erd{\H o}s, P.},
     TITLE = {On a problem of {S}idon in additive number theory and on some related problems. {A}ddendum},
   JOURNAL = {J. London Math. Soc.},
  FJOURNAL = {Journal of the London Mathematical Society. Second Series},
    VOLUME = {19},
      YEAR = {1944},
     PAGES = {208},
      ISSN = {0024-6107},
   MRCLASS = {10.0X},
  MRNUMBER = {MR0014111 (7,242f)},
MRREVIEWER = {B. W. Jones},
}

@article {ErdTur41,
    AUTHOR = {Erd{\H o}s, P. and Tur{\'a}n, P.},
     TITLE = {On a problem of {S}idon in additive number theory, and on some related problems},
   JOURNAL = {J. London Math. Soc.},
  FJOURNAL = {Journal of the London Mathematical Society. Second Series},
    VOLUME = {16},
      YEAR = {1941},
     PAGES = {212--215},
      ISSN = {0024-6107},
   MRCLASS = {10.0X},
  MRNUMBER = {MR0006197 (3,270e)},
MRREVIEWER = {B. W. Jones},
}

@article {BosCho6263,
    AUTHOR = {Bose, R. C. and Chowla, S.},
     TITLE = {Theorems in the additive theory of numbers},
   JOURNAL = {Comment. Math. Helv.},
  FJOURNAL = {Commentarii Mathematici Helvetici},
    VOLUME = {37},
      YEAR = {1962/1963},
     PAGES = {141--147},
      ISSN = {0010-2571},
   MRCLASS = {10.45},
  MRNUMBER = {0144877 (26 \#2418)},
MRREVIEWER = {T. Estermann},
}



@article {ChGr92,
    AUTHOR = {Chung, F. R. K. and Graham, R. L.},
     TITLE = {Quasi-random subsets of {$Z_n$}},
   JOURNAL = {J. Combin. Theory Ser. A},
  FJOURNAL = {Journal of Combinatorial Theory. Series A},
    VOLUME = {61},
      YEAR = {1992},
    NUMBER = {1},
     PAGES = {64--86},
      ISSN = {0097-3165},
     CODEN = {JCBTA7},
   MRCLASS = {05C80 (05D05)},
  MRNUMBER = {1178385 (94b:05168)},
MRREVIEWER = {A. G. Thomason},
       DOI = {10.1016/0097-3165(92)90053-W},
       URL = {http://dx.doi.org/10.1016/0097-3165(92)90053-W},
}
		

@article {ArSc43,
    AUTHOR = {Artin, Emil and Scherk, Peter},
     TITLE = {On the sum of two sets of integers},
   JOURNAL = {Ann. of Math. (2)},
  FJOURNAL = {Annals of Mathematics. Second Series},
    VOLUME = {44},
      YEAR = {1943},
     PAGES = {138--142},
      ISSN = {0003-486X},
   MRCLASS = {10.0X},
  MRNUMBER = {0007909 (4,212b)},
MRREVIEWER = {B. W. Jones},
}
	

@article {Ma42,
    AUTHOR = {Mann, Henry B.},
     TITLE = {A proof of the fundamental theorem on the density of sums of
              sets of positive integers},
   JOURNAL = {Ann. of Math. (2)},
  FJOURNAL = {Annals of Mathematics. Second Series},
    VOLUME = {43},
      YEAR = {1942},
     PAGES = {523--527},
      ISSN = {0003-486X},
   MRCLASS = {10.0X},
  MRNUMBER = {0006748 (4,35e)},
MRREVIEWER = {P. Scherk},
}

@article {Sz75,
    AUTHOR = {Szemer\'{e}di, E.},
     TITLE = {On sets of integers containing no {$k$} elements in arithmetic
              progression},
      NOTE = {Collection of articles in memory of Juri\u{\i} Vladimirovi\v{c} Linnik},
   JOURNAL = {Acta Arith.},
  FJOURNAL = {Polska Akademia Nauk. Instytut Matematyczny. Acta Arithmetica},
    VOLUME = {27},
      YEAR = {1975},
     PAGES = {199--245},
      ISSN = {0065-1036},
   MRCLASS = {10L10},
  MRNUMBER = {0369312},
MRREVIEWER = {S. L. G. Choi},
       DOI = {10.4064/aa-27-1-199-245},
       URL = {https://doi.org/10.4064/aa-27-1-199-245},
}

%nao achei no mathscinet.
@article {Tu41,
    AUTHOR = {TurÃ¡n, Paul},
     TITLE = {On an Extremal Problem in Graph Theory},
   JOURNAL = {Matematikai Ã©s Fizikai Lapok},
    VOLUME = {48},
      YEAR = {1941},
     PAGES = {436--452},
}

@incollection {RuSz76,
    AUTHOR = {Ruzsa, I. Z. and Szemer{\'e}di, E.},
     TITLE = {Triple systems with no six points carrying three triangles},
 BOOKTITLE = {Combinatorics ({P}roc. {F}ifth {H}ungarian {C}olloq.,
              {K}eszthely, 1976), {V}ol. {II}},
    SERIES = {Colloq. Math. Soc. J\'anos Bolyai},
    VOLUME = {18},
     PAGES = {939--945},
 PUBLISHER = {North-Holland},
   ADDRESS = {Amsterdam},
      YEAR = {1978},
   MRCLASS = {05C99 (05B30)},
  MRNUMBER = {519318 (80c:05116)},
MRREVIEWER = {W. G. Brown},
}

@incollection {BoRi09,
    AUTHOR = {Bollob{\'a}s, B{\'e}la and Riordan, Oliver},
     TITLE = {Metrics for sparse graphs},
 BOOKTITLE = {Surveys in combinatorics 2009},
    SERIES = {London Math. Soc. Lecture Note Ser.},
    VOLUME = {365},
     PAGES = {211--287},
 PUBLISHER = {Cambridge Univ. Press},
   ADDRESS = {Cambridge},
      YEAR = {2009},
   MRCLASS = {05C80 (05C12)},
  MRNUMBER = {2588543},
}

@incollection {KoRo03,
    AUTHOR = {Kohayakawa, Y. and R{\"o}dl, V.},
     TITLE = {Szemer\'edi's regularity lemma and quasi-randomness},
 BOOKTITLE = {Recent advances in algorithms and combinatorics},
    SERIES = {CMS Books Math./Ouvrages Math. SMC},
    VOLUME = {11},
     PAGES = {289--351},
 PUBLISHER = {Springer},
   ADDRESS = {New York},
      YEAR = {2003},
   MRCLASS = {05C35 (05C80 05C85)},
  MRNUMBER = {1952989 (2003j:05065)},
MRREVIEWER = {Michael Krivelevich},
       URL = {http://dx.doi.org/10.1007/0-387-22444-0_9},
}

@incollection {Ko97,
    AUTHOR = {Kohayakawa, Y.},
     TITLE = {Szemer\'edi's regularity lemma for sparse graphs},
 BOOKTITLE = {Foundations of computational mathematics ({R}io de {J}aneiro,
              1997)},
     PAGES = {216--230},
 PUBLISHER = {Springer},
   ADDRESS = {Berlin},
      YEAR = {1997},
   MRCLASS = {05C70 (05C80)},
  MRNUMBER = {1661982 (99g:05145)},
}

@InCollection{KoAll10,
 author =       {Kohayakawa, Y. and R\"odl, V. and Schacht, M. and Skokan, J.},
 title =        {On the triangle removal lemma for subgraphs of sparse
                 pseudorandom graphs},
 booktitle =    {An Irregular Mind; Szemer\'edi is 70},
 OPTcrossref =  {},
 OPTkey =       {},
 pages =        {359--404},
 publisher = {Springer},
 year =         {2010},
 editor =       {I. B\'ar\'any and J. Solymosi},
 OPTvolume =    {},
 OPTnumber =    {},
 OPTseries =    {},
 OPTtype =      {},
 OPTchapter =   {},
 OPTaddress =   {},
 OPTedition =   {},
 OPTmonth =     {},
}

@Unpublished {Sc10,
    AUTHOR = {Schacht, M.},
     TITLE = {Extremal results for random discrete structures},
      YEAR = {2010},
 BOOKTITLE = {preprint},
}

@Unpublished{FrRoSc10,
  author = 	 {Friedgut, E. and R\"odl, V. and Schacht, M.},
  title = 	 {Ramsey properties of random discrete structures},
  note = 	 {submitted},
  OPTkey = 	 {},
  OPTmonth = 	 {},
  OPTyear = 	 {},
  OPTannote = 	 {}
}

@article {FiWi65,
    AUTHOR = {Fine, N. J. and Wilf, H. S.},
     TITLE = {Uniqueness theorems for periodic functions},
   JOURNAL = {Proc. Amer. Math. Soc.},
  FJOURNAL = {Proceedings of the American Mathematical Society},
    VOLUME = {16},
      YEAR = {1965},
     PAGES = {109--114},
      ISSN = {0002-9939},
   MRCLASS = {42.99},
  MRNUMBER = {0174934 (30 \#5124)},
MRREVIEWER = {A. Devinatz},
}


@article {CaLa09,
    AUTHOR = {Daniele Catanzaro and Martine LabbÃ©},
     TITLE = {The pure parsimony haplotyping problem: overview and computational advances},
   JOURNAL = {International Transactions in Operational Research},
    VOLUME = {16},
      YEAR = {2009},
     PAGES = {561--584},
}

@article{Ve01,
    author = {Venter, J. C. and Adams, M. D. and Myers, E. W. and Li, P. W. and Mural, R. J. and Sutton, G. G. and Smith, H. O. and Yandell, M.
and Evans, C. A. and Holt, R. A. and Gocayne, J. D. and Amanatides, P. and Ballew, R. M. and Huson, D. H. and Wortman, J. R. and Zhang, Q. and
Kodira, C. D. and Zheng, X. H. and Chen, L. and Skupski, M. and Subramanian, G. and Thomas, P. D. and Zhang, J. and Miklos, Gabor G. L. and
Nelson, C. and Broder, S. and Clark, A. G. and Nadeau, J. and Mckusick, V. A. and Zinder, N. and Levine, A. J. and Roberts, R. J. and Simon, M.
and Slayman, C.},
    booktitle = {Science},
    citeulike-article-id = {197238},
    citeulike-linkout-0 = {http://dx.doi.org/10.1126/science.1058040},
    citeulike-linkout-1 = {http://www.sciencemag.org/content/291/5507/1304.abstract},
    citeulike-linkout-2 = {http://www.sciencemag.org/content/291/5507/1304.full.pdf},
    citeulike-linkout-3 = {http://www.sciencemag.org/cgi/content/abstract/291/5507/1304},
    citeulike-linkout-4 = {http://view.ncbi.nlm.nih.gov/pubmed/11181995},
    citeulike-linkout-5 = {http://www.hubmed.org/display.cgi?uids=11181995},
    citeulike-linkout-6 = {http://www.sciencemag.org/cgi/content/full/291/5507/1304},
    day = {16},
    doi = {10.1126/science.1058040},
    issn = {0036-8075},
    journal = {Science (New York, N.Y.)},
    keywords = {assembly, celera, human},
    month = {February},
    number = {5507},
    pages = {1304--1351},
    posted-at = {2010-03-10 22:10:23},
    priority = {0},
    title = {The sequence of the human genome.},
    volume = {291},
    year = {2001}
}


@article {Al90,
    AUTHOR = {Alon, Noga},
     TITLE = {The maximum number of {H}amiltonian paths in tournaments},
   JOURNAL = {Combinatorica},
  FJOURNAL = {Combinatorica. An International Journal on Combinatorics and
              the Theory of Computing},
    VOLUME = {10},
      YEAR = {1990},
    NUMBER = {4},
     PAGES = {319--324},
      ISSN = {0209-9683},
     CODEN = {COMBDI},
   MRCLASS = {05C20 (05C45 15A15)},
  MRNUMBER = {1099246 (92a:05059)},
MRREVIEWER = {Thomas H. Foregger},
       DOI = {10.1007/BF02128667},
       URL = {http://dx.doi.org/10.1007/BF02128667},
}

@article {Ma06,
    AUTHOR = {Matou{\v{s}}ek, Ji{\v{r}}{\'{\i}}},
     TITLE = {The number of unique-sink orientations of the hypercube},
   JOURNAL = {Combinatorica},
  FJOURNAL = {Combinatorica. An International Journal on Combinatorics and
              the Theory of Computing},
    VOLUME = {26},
      YEAR = {2006},
    NUMBER = {1},
     PAGES = {91--99},
      ISSN = {0209-9683},
   MRCLASS = {05C30 (90C60)},
  MRNUMBER = {2201286 (2007b:05102)},
MRREVIEWER = {Sergiy Butenko},
       DOI = {10.1007/s00493-006-0007-0},
       URL = {http://dx.doi.org/10.1007/s00493-006-0007-0},
}

@article {Ba06,
    AUTHOR = {Balogh, J{\'o}zsef},
     TITLE = {A remark on the number of edge colorings of graphs},
   JOURNAL = {European J. Combin.},
  FJOURNAL = {European Journal of Combinatorics},
    VOLUME = {27},
      YEAR = {2006},
    NUMBER = {4},
     PAGES = {565--573},
      ISSN = {0195-6698},
   MRCLASS = {05C15},
  MRNUMBER = {2215216 (2006k:05076)},
MRREVIEWER = {Raphael Yuster},
       DOI = {10.1016/j.ejc.2004.12.004},
       URL = {http://dx.doi.org/10.1016/j.ejc.2004.12.004},
}

@article {Al92,
    AUTHOR = {Alekseev, V. E.},
     TITLE = {Range of values of entropy of hereditary classes of graphs},
   JOURNAL = {Diskret. Mat.},
  FJOURNAL = {Diskretnaya Matematika},
    VOLUME = {4},
      YEAR = {1992},
    NUMBER = {2},
     PAGES = {148--157},
      ISSN = {0234-0860},
   MRCLASS = {05C75 (05C35)},
  MRNUMBER = {1181539 (93k:05140)},
MRREVIEWER = {Peter Mih{\'o}k},
       DOI = {10.1515/dma.1993.3.2.191},
       URL = {http://dx.doi.org/10.1515/dma.1993.3.2.191},
}

@incollection {BoTh97,
    AUTHOR = {Bollob{\'a}s, B{\'e}la and Thomason, Andrew},
     TITLE = {Hereditary and monotone properties of graphs},
 BOOKTITLE = {The mathematics of {P}aul {E}rd{\H o}s, {II}},
    SERIES = {Algorithms Combin.},
    VOLUME = {14},
     PAGES = {70--78},
 PUBLISHER = {Springer},
   ADDRESS = {Berlin},
      YEAR = {1997},
   MRCLASS = {05C35 (05C30)},
  MRNUMBER = {1425205 (98a:05085)},
MRREVIEWER = {Peter Mih{\'o}k},
}

@article {PrSt92,
    AUTHOR = {Pr{\"o}mel, H. J. and Steger, A.},
     TITLE = {Excluding induced subgraphs. {III}. {A} general asymptotic},
   JOURNAL = {Random Structures Algorithms},
  FJOURNAL = {Random Structures \& Algorithms},
    VOLUME = {3},
      YEAR = {1992},
    NUMBER = {1},
     PAGES = {19--31},
      ISSN = {1042-9832},
   MRCLASS = {05C30},
  MRNUMBER = {1139486 (93d:05065)},
       DOI = {10.1002/rsa.3240030104},
       URL = {http://dx.doi.org/10.1002/rsa.3240030104},
}

@inproceedings {Er74,
    AUTHOR = {Erd{\H{o}}s, P.},
     TITLE = {Some new applications of probability methods to combinatorial analysis and graph theory},
 BOOKTITLE = {Proceedings of the {F}ifth {S}outheastern {C}onference on
              {C}ombinatorics, {G}raph {T}heory and {C}omputing ({F}lorida
              {A}tlantic {U}niv., {B}oca {R}aton, {F}la., 1974)},
     PAGES = {39--51. Congressus Numerantium, No. X},
 PUBLISHER = {Utilitas Math.},
   ADDRESS = {Winnipeg, Man.},
      YEAR = {1974},
   MRCLASS = {05C99},
  MRNUMBER = {MR0364020 (51 \#275)},
MRREVIEWER = {K. Vijayan},
}

@book {Bo98,
AUTHOR = {Bollob{\'a}s, B{\'e}la},
TITLE = {Modern graph theory},
SERIES = {Graduate Texts in Mathematics},
VOLUME = {184},  PUBLISHER = {Springer-Verlag},
ADDRESS = {New York},
YEAR = {1998},
PAGES = {xiv+394},
ISBN ={0-387-98488-7},
MRCLASS = {05-01 (05-02 05Cxx)},
MRNUMBER = {1633290 (99h:05001)},
MRREVIEWER = {Jerrold W. Grossman},
}


@article {AlSh04,
    AUTHOR = {Alon, Noga and Shapira, Asaf},
     TITLE = {Testing subgraphs in directed graphs},
   JOURNAL = {J. Comput. System Sci.},
  FJOURNAL = {Journal of Computer and System Sciences},
    VOLUME = {69},
      YEAR = {2004},
    NUMBER = {3},
     PAGES = {353--382},
      ISSN = {0022-0000},
     CODEN = {JCSSBM},
   MRCLASS = {68Q25 (05C20 68Q15 68R10 68W20)},
  MRNUMBER = {2087940 (2005e:68083)},
MRREVIEWER = {Eldar Fischer},
       DOI = {10.1016/j.jcss.2004.04.008},
       URL = {http://dx.doi.org/10.1016/j.jcss.2004.04.008},
}

@book {Bo01,
    AUTHOR = {Bollob{\'a}s, B{\'e}la},
     TITLE = {Random graphs},
    SERIES = {Cambridge Studies in Advanced Mathematics},
    VOLUME = {73},
   EDITION = {Second},
 PUBLISHER = {Cambridge University Press},
   ADDRESS = {Cambridge},
      YEAR = {2001},
     PAGES = {xviii+498},
      ISBN = {0-521-80920-7; 0-521-79722-5},
   MRCLASS = {05C80 (60C05)},
  MRNUMBER = {1864966 (2002j:05132)},
}

@article {KoRoSc04,
    AUTHOR = {Kohayakawa, Yoshiharu and R\"odl, V. and Schacht, Mathias},
     TITLE = {The {T}ur\'an theorem for random graphs},
   JOURNAL = {Combin. Probab. Comput.},
  FJOURNAL = {Combinatorics, Probability and Computing},
    VOLUME = {13},
      YEAR = {2004},
    NUMBER = {1},
     PAGES = {61--91},
      ISSN = {0963-5483},
   MRCLASS = {05C80 (05C35 60C05)},
  MRNUMBER = {2034303 (2004k:05180)},
MRREVIEWER = {Ivan Pashov},
       DOI = {10.1017/S0963548303005856},
       URL = {http://dx.doi.org/10.1017/S0963548303005856},
}

%Nao encontrei no MathSciNet

@article {ErFrRo86,
  author = {Erd{\H{o}}s, P. and Frankl, P. and R{\"o}dl, V.},
  affiliation = {Mathematical Institute of the Hungarian Academy of Science P.O.B. 127 1364 Budapest Hungary},
  title = {The asymptotic number of graphs not containing a fixed subgraph and a problem for hypergraphs having no exponent},
  journal = {Graphs and Combinatorics},
  publisher = {Springer Japan},
  issn = {0911-0119},
  keyword = {Mathematics and Statistics},
  pages = {113-121},
  volume = {2},
  issue = {1},
  url = {http://dx.doi.org/10.1007/BF01788085},
  note = {10.1007/BF01788085},
  year = {1986}
}

@article {Ri00,
    AUTHOR = {Riordan, Oliver},
     TITLE = {Spanning subgraphs of random graphs},
   JOURNAL = {Combin. Probab. Comput.},
  FJOURNAL = {Combinatorics, Probability and Computing},
    VOLUME = 9,
      YEAR = 2000,
    NUMBER = 2,
     PAGES = {125--148},
      ISSN = {0963-5483},
   MRCLASS = {05C80},
  MRNUMBER = {MR1762785 (2001c:05130)},
MRREVIEWER = {Lyuben R. Mutafchiev},
}
@incollection {Th87a,
    AUTHOR = {Thomason, Andrew},
     TITLE = {Pseudorandom graphs},
 BOOKTITLE = {Random graphs '85 (Pozna\'n, 1985)},
    SERIES = {North-Holland Math. Stud.},
    VOLUME = {144},
     PAGES = {307--331},
 PUBLISHER = {North-Holland},
   ADDRESS = {Amsterdam},
      YEAR = {1987},
   MRCLASS = {05C80},
  MRNUMBER = {89d:05158},
MRREVIEWER = {Edward R. Scheinerman},
}

@incollection {Th87b,
    AUTHOR = {Thomason, Andrew},
     TITLE = {Random graphs, strongly regular graphs and pseudorandom graphs},
 BOOKTITLE = {Surveys in combinatorics 1987 (New Cross, 1987)},
    SERIES = {London Math. Soc. Lecture Note Ser.},
    VOLUME = {123},
     PAGES = {173--195},
 PUBLISHER = {Cambridge Univ. Press},
   ADDRESS = {Cambridge},
      YEAR = {1987},
   MRCLASS = {05C80 (05C35 05C55)},
  MRNUMBER = {88m:05072},
MRREVIEWER = {Colin J. H. McDiarmid},
}

@book {AlSp03,
    AUTHOR = {Alon, Noga and Spencer, Joel H.},
     TITLE = {The probabilistic method},
    SERIES = {Wiley-Interscience Series in Discrete Mathematics and
              Optimization},
   EDITION = {Second},
      NOTE = {With an appendix on the life and work of {P}aul {E}rd{\H o}s},
 PUBLISHER = {Wiley-Interscience [John Wiley \& Sons]},
   ADDRESS = {New York},
      YEAR = 2000,
     PAGES = {xviii+301},
      ISBN = {0-471-37046-0},
   MRCLASS = {60-02 (05C80 60C05 60F99 60G42)},
  MRNUMBER = {2003f:60003},
MRREVIEWER = {Bert Fristedt},
}

@book {TaVu06,
    AUTHOR = {Tao, Terence and Vu, Van},
     TITLE = {Additive combinatorics},
    SERIES = {Cambridge Studies in Advanced Mathematics},
    VOLUME = 105,
 PUBLISHER = {Cambridge University Press},
   ADDRESS = {Cambridge},
      YEAR = 2006,
     PAGES = {xviii+512},
      ISBN = {978-0-521-85386-6; 0-521-85386-9},
   MRCLASS = {11-02 (05-02 11P70 11P82 28D05 37A45)},
  MRNUMBER = {MR2289012},
}

@book{HaRo83,
   author = {Halberstam, Heini and Roth, Klaus Friedrich},
    title = {Sequences},
  edition = {Second},
publisher = {Springer-Verlag},
  address = {New York},
     year = {1983},
    pages = {xviii+292},
     isbn = {0-387-90801-3},
 MRNUMBER = {MR83m:10094},
}

@book {Fe68,
    AUTHOR = {Feller, William},
     TITLE = {An introduction to probability theory and its applications.
              {V}ol. {I}},
    SERIES = {Third edition},
 PUBLISHER = {John Wiley \& Sons Inc.},
   ADDRESS = {New York},
      YEAR = {1968},
     PAGES = {xviii+509},
   MRCLASS = {60.00},
  MRNUMBER = {0228020 (37 \#3604)},
MRREVIEWER = {J. G. Wendel},
}

@book {CoTo06,
    AUTHOR = {Cover, Thomas M. and Thomas, Joy A.},
     TITLE = {Elements of information theory},
   EDITION = {Second},
 PUBLISHER = {Wiley-Interscience [John Wiley \& Sons]},
   ADDRESS = {Hoboken, NJ},
      YEAR = {2006},
     PAGES = {xxiv+748},
      ISBN = {978-0-471-24195-9; 0-471-24195-4},
   MRCLASS = {00-01 (94-01)},
  MRNUMBER = {2239987 (2007h:00002)},
}

@book {Ka02,
    AUTHOR = {K{\aa}hre, Jan},
     TITLE = {The mathematical theory of information},
    SERIES = {The Kluwer International Series in Engineering and Computer
              Science, 684},
 PUBLISHER = {Kluwer Academic Publishers},
   ADDRESS = {Boston, MA},
      YEAR = {2002},
     PAGES = {xiv+502},
      ISBN = {1-4020-7064-0},
   MRCLASS = {94A15 (94-01)},
  MRNUMBER = {1938240 (2003j:94044)},
MRREVIEWER = {Emanuel H. Knill},
}

@article{KoRo03b,
  author = {Kohayakawa, Y. and R{\"o}dl, V.},
  title = {Regular pairs in sparse random graphs. {I}},
  journal = {Random Structures Algorithms},
  year = {2003},
  volume = {22},
  number = {4},
  pages = {359--434},
}

@article {Bo81,
    AUTHOR = {Bollob{\'a}s, B{\'e}la},
     TITLE = {Threshold functions for small subgraphs},
   JOURNAL = {Math. Proc. Cambridge Philos. Soc.},
  FJOURNAL = {Mathematical Proceedings of the Cambridge Philosophical Society},
    VOLUME = {90},
      YEAR = {1981},
    NUMBER = {2},
     PAGES = {197--206},
      ISSN = {0305-0041},
     CODEN = {MPCPCO},
   MRCLASS = {05C99 (05C35 60C05)},
  MRNUMBER = {620729 (83f:05065)},
MRREVIEWER = {Micha{\l}Karo{\'n}ski},
       URL = {http://dx.doi.org/10.1017/S0305004100058655},
}

@article {ErSi66,
    AUTHOR = {Erd{\H{o}}s, P. and Simonovits, M.},
     TITLE = {A limit theorem in graph theory},
   JOURNAL = {Studia Sci. Math. Hungar},
  FJOURNAL = {Studia Scientiarum Mathematicarum Hungarica. A Quarterly of the Hungarian Academy of Sciences},
    VOLUME = {1},
      YEAR = {1966},
     PAGES = {51--57},
      ISSN = {0081-6906},
   MRCLASS = {05.40},
MRREVIEWER = {W. Moser},
}

@article {AlPu03,
    AUTHOR = {Alon, N. and Pudl{\'a}k, P.},
     TITLE = {Equilateral sets in {$l^n_p$}},
   JOURNAL = {Geom. Funct. Anal.},
  FJOURNAL = {Geometric and Functional Analysis},
    VOLUME = {13},
      YEAR = {2003},
    NUMBER = {3},
     PAGES = {467--482},
      ISSN = {1016-443X},
     CODEN = {GFANFB},
   MRCLASS = {46B20 (05D05 52A21)},
  MRNUMBER = {1995795 (2004h:46011)},
MRREVIEWER = {Shlomo Reisner},
       DOI = {10.1007/s00039-003-0418-7},
       URL = {http://dx.doi.org/10.1007/s00039-003-0418-7},
}

@book {Mat10,
    AUTHOR = {Matou{\v{s}}ek, Ji{\v{r}}{\'{\i}}},
     TITLE = {Thirty-three miniatures},
    SERIES = {Student Mathematical Library},
    VOLUME = {53},
      NOTE = {Mathematical and algorithmic applications of linear algebra},
 PUBLISHER = {American Mathematical Society},
   ADDRESS = {Providence, RI},
      YEAR = {2010},
     PAGES = {x+182},
      ISBN = {978-0-8218-4977-4},
   MRCLASS = {15-01 (05A10 05C70)},
  MRNUMBER = {2656313 (2011f:15002)},
MRREVIEWER = {Torsten Sander},
}

@article {AlFu93,
    AUTHOR = {Alon, Noga and F{\"u}redi, Zolt{\'a}n},
     TITLE = {Covering the cube by affine hyperplanes},
   JOURNAL = {European J. Combin.},
  FJOURNAL = {European Journal of Combinatorics},
    VOLUME = {14},
      YEAR = {1993},
    NUMBER = {2},
     PAGES = {79--83},
      ISSN = {0195-6698},
   MRCLASS = {52C17 (05B40)},
  MRNUMBER = {1206612 (94a:52039)},
MRREVIEWER = {Antonio Pasini},
       DOI = {10.1006/eujc.1993.1011},
       URL = {http://dx.doi.org/10.1006/eujc.1993.1011},
}

@article {Ro53,
    AUTHOR = {Roth, K. F.},
     TITLE = {On certain sets of integers},
   JOURNAL = {J. London Math. Soc.},
  FJOURNAL = {Journal of the London Mathematical Society. Second Series},
    VOLUME = {28},
      YEAR = {1953},
     PAGES = {104--109},
      ISSN = {0024-6107},
   MRCLASS = {10.0X},
  MRNUMBER = {0051853},
MRREVIEWER = {P. Erd\"{o}s},
       DOI = {10.1112/jlms/s1-28.1.104},
       URL = {https://doi.org/10.1112/jlms/s1-28.1.104},
}

@article {Be28,
    AUTHOR = {Besicovitch, A. S.},
     TITLE = {On {K}akeya's problem and a similar one},
   JOURNAL = {Math. Z.},
  FJOURNAL = {Mathematische Zeitschrift},
    VOLUME = {27},
      YEAR = {1928},
    NUMBER = {1},
     PAGES = {312--320},
      ISSN = {0025-5874},
     CODEN = {MAZEAX},
   MRCLASS = {Contributed Item},
  MRNUMBER = {1544912},
       DOI = {10.1007/BF01171101},
       URL = {http://dx.doi.org/10.1007/BF01171101},
}



@article {Lon33,
    AUTHOR = {London, David},
     TITLE = {Inequalities in quadratic forms},
   JOURNAL = {Duke Math. J.},
  FJOURNAL = {Duke Mathematical Journal},
    VOLUME = {33},
      YEAR = {1966},
     PAGES = {511--522},
      ISSN = {0012-7094},
   MRCLASS = {15.70},
  MRNUMBER = {0204435 (34 \#4277)},
MRREVIEWER = {M. Marcus},
}

@incollection {McD89,
    AUTHOR = {McDiarmid, Colin},
     TITLE = {On the method of bounded differences},
 BOOKTITLE = {Surveys in combinatorics, 1989 ({N}orwich, 1989)},
    SERIES = {London Math. Soc. Lecture Note Ser.},
    VOLUME = {141},
     PAGES = {148--188},
 PUBLISHER = {Cambridge Univ. Press},
   ADDRESS = {Cambridge},
      YEAR = {1989},
   MRCLASS = {05C80 (60E15 60F10 60G42)},
  MRNUMBER = {1036755 (91e:05077)},
MRREVIEWER = {Alan M. Frieze},
}

@article {ErSt46,
    AUTHOR = {Erd{\"o}s, P. and Stone, A. H.},
     TITLE = {On the structure of linear graphs},
   JOURNAL = {Bull. Amer. Math. Soc.},
  FJOURNAL = {Bulletin of the American Mathematical Society},
    VOLUME = {52},
      YEAR = {1946},
     PAGES = {1087--1091},
      ISSN = {0002-9904},
   MRCLASS = {56.0X},
  MRNUMBER = {0018807 (8,333b)},
MRREVIEWER = {H. S. M. Coxeter},
}

@InCollection{Sch11,
  author =       {Schacht, M.},
  title =        {Extremal results for random discrete structures},
  OPTcrossref =  {},
  OPTkey =       {},
  OPTpages =     {},
  OPTpublisher = {},
  year =      {2011},
  OPTeditor =    {},
  OPTvolume =    {},
  OPTnumber =    {},
  OPTseries =    {},
  OPTtype =      {},
  OPTchapter =   {},
  OPTaddress =   {},
  OPTedition =   {},
  OPTmonth =     {},
  note =         {to appear},
}

@InCollection{CoGo11,
  author =       {Conlon, D. and Gowers, W.T.},
  title =        {Combinatorial theorems in sparse random sets},
  OPTcrossref =  {},
  OPTkey =       {},
  OPTpages =     {},
  OPTpublisher = {},
  year =      {2011},
  OPTeditor =    {},
  OPTvolume =    {},
  OPTnumber =    {},
  OPTseries =    {},
  OPTtype =      {},
  OPTchapter =   {},
  OPTaddress =   {},
  OPTedition =   {},
  OPTmonth =     {},
  note =         {to appear},
}


@INPROCEEDINGS{KKL88,
    author = {Jeff Kahn and Gil Kalai and Nathan Linial},
    title = {The Influence of Variables on Boolean Functions (Extended Abstract)},
    booktitle = {},
    year = {1988},
    pages = {68--80}
}

@article {Hil09,
    AUTHOR = {Hilbert, David},
     TITLE = {Beweis f\"ur die {D}arstellbarkeit der ganzen {Z}ahlen durch
              eine feste {A}nzahl {$n^{ter}$} {P}otenzen ({W}aringsches
              {P}roblem)},
   JOURNAL = {Math. Ann.},
  FJOURNAL = {Mathematische Annalen},
    VOLUME = {67},
      YEAR = {1909},
    NUMBER = {3},
     PAGES = {281--300},
      ISSN = {0025-5831},
     CODEN = {MAANA},
   MRCLASS = {Contributed Item},
  MRNUMBER = {1511530},
       DOI = {10.1007/BF01450405},
       URL = {http://dx.doi.org/10.1007/BF01450405},
}

%nao achei no mathscinet
@article {ParHar77,
    AUTHOR = {Paris, J. and Harrington, L.},
     TITLE = {A Mathematical Incompleteness in Peano Arithmetic},
   JOURNAL = {Handbook for Mathematical Logic (Ed. J. Barwise)},
   YEAR = {1977},
}

@book {Fou1822,
    AUTHOR = {Fourier, Joseph},
     TITLE = {Th\'eorie analytique de la chaleur},
      NOTE = {Reprint of the 1822 original},
 PUBLISHER = {\'Editions Jacques Gabay},
   ADDRESS = {Paris},
      YEAR = {1988},
     PAGES = {xxii+644},
      ISBN = {2-87647-046-2},
   MRCLASS = {01A75 (01A55)},
  MRNUMBER = {1414430 (97e:01021)},
MRREVIEWER = {Peter M. Harman},
}

@book {Kon50,
    AUTHOR = {K{\"o}nig, D{\'e}nes},
     TITLE = {Theorie der endlichen und unendlichen {G}raphen.
              {K}ombinatorische {T}opologie der {S}treckenkomplexe},
 PUBLISHER = {Chelsea Publishing Co.},
   ADDRESS = {New York, N. Y.},
      YEAR = {1950},
     PAGES = {ix+258},
   MRCLASS = {56.0X},
  MRNUMBER = {0036989 (12,195g)},
}

@article {KoKr97,
    AUTHOR = {Kohayakawa, Y. and Kreuter, B.},
     TITLE = {Threshold functions for asymmetric {R}amsey properties
              involving cycles},
   JOURNAL = {Random Structures Algorithms},
  FJOURNAL = {Random Structures \& Algorithms},
    VOLUME = {11},
      YEAR = {1997},
    NUMBER = {3},
     PAGES = {245--276},
      ISSN = {1042-9832},
   MRCLASS = {05C80 (05C55)},
  MRNUMBER = {1609513 (99g:05159)},
MRREVIEWER = {Andrzej Ruci{\'n}ski},
       URL = {http://dx.doi.org/10.1002/(SICI)1098-2418(199710)11:3<245::AID-RSA3>3.3.CO;2-I},
}

@article {Alo86,
    AUTHOR = {Alon, N.},
     TITLE = {Eigenvalues and expanders},
      NOTE = {Theory of computing (Singer Island, Fla., 1984)},
   JOURNAL = {Combinatorica},
  FJOURNAL = {Combinatorica. An International Journal of the J\'anos Bolyai
              Mathematical Society},
    VOLUME = {6},
      YEAR = {1986},
    NUMBER = {2},
     PAGES = {83--96},
      ISSN = {0209-9683},
     CODEN = {COMBDI},
   MRCLASS = {05C50},
  MRNUMBER = {875835 (88e:05077)},
MRREVIEWER = {Claude Benzaken},
       DOI = {10.1007/BF02579166},
       URL = {http://dx.doi.org/10.1007/BF02579166},
}

@article {FrRoWi88,
    AUTHOR = {Frankl, P. and R{\"o}dl, V. and Wilson, R. M.},
     TITLE = {The number of submatrices of a given type in a {H}adamard
              matrix and related results},
   JOURNAL = {J. Combin. Theory Ser. B},
  FJOURNAL = {Journal of Combinatorial Theory. Series B},
    VOLUME = {44},
      YEAR = {1988},
    NUMBER = {3},
     PAGES = {317--328},
      ISSN = {0095-8956},
     CODEN = {JCBTB8},
   MRCLASS = {05B20},
  MRNUMBER = {941440 (89f:05044)},
MRREVIEWER = {Jennifer Seberry},
       DOI = {10.1016/0095-8956(88)90040-8},
       URL = {http://dx.doi.org/10.1016/0095-8956(88)90040-8},
}

@article {Rod86,
    AUTHOR = {R{\"o}dl, Vojt{\v{e}}ch},
     TITLE = {On universality of graphs with uniformly distributed edges},
   JOURNAL = {Discrete Math.},
  FJOURNAL = {Discrete Mathematics},
    VOLUME = {59},
      YEAR = {1986},
    NUMBER = {1-2},
     PAGES = {125--134},
      ISSN = {0012-365X},
     CODEN = {DSMHA4},
   MRCLASS = {05C55 (60C05)},
  MRNUMBER = {837962 (88b:05098)},
MRREVIEWER = {Walter A. Deuber},
       DOI = {10.1016/0012-365X(86)90076-2},
       URL = {http://dx.doi.org/10.1016/0012-365X(86)90076-2},
}

@article {Kre52,
    AUTHOR = {Kreisel, G.},
     TITLE = {On the interpretation of non-finitist proofs. {II}.
              {I}nterpretation of number theory. {A}pplications},
   JOURNAL = {J. Symbolic Logic},
  FJOURNAL = {The Journal of Symbolic Logic},
    VOLUME = {17},
      YEAR = {1952},
     PAGES = {43--58},
      ISSN = {0022-4812},
   MRCLASS = {02.0X},
  MRNUMBER = {0051193 (14,440g)},
MRREVIEWER = {D. Nelson},
}

@Book{JLR00,
  author = {Janson, Svante and {\L}uczak, Tomasz and Ruci{\'n}ski, Andrzej},
  title = {Random graphs},
  year = {2000},
  pages = {xii+333},
  publisher = {Wiley-Interscience, New York}
}

@InCollection{RoRu93,
  author = {R{\"o}dl, V. and Ruci{\'n}ski, A.},
  title = {Lower bounds on probability thresholds for {R}amsey properties},
  booktitle = {Combinatorics, Paul Erd\H os is eighty, Vol.\ 1},
  year = {1993},
  series = {Bolyai Soc. Math. Stud.},
  pages = {317--346},
  publisher = {J\'anos Bolyai Math. Soc.},
  address = {Budapest}
}

@Article{RoTu92,
  author = {R{\"o}dl, Vojt{\v{e}}ch and Tuza, Zsolt},
  title = {Rainbow subgraphs in properly edge-colored graphs},
  journal = {Random Structures Algorithms},
  year = {1992},
  volume = {3},
  number = {2},
  pages = {175--182}
}

@InProceedings{Er79,
  author = {Erd{\H o}s, Paul},
  title = {Some old and new problems in various branches of combinatorics},
  booktitle = {Proc.\ 10th Southeastern Conference on
  Combinatorics, Graph Theory and Computing},
  year = {1979},
  pages = {19--37},
  publisher = {Utilitas Math.},
  address = {Winnipeg, Man.}
}

@Article{BoTh87,
  author = {Bollob{\'a}s, B. and Thomason, A.},
  title = {Threshold functions},
  journal = {Combinatorica},
  year = {1987},
  volume = {7},
  number = {1},
  pages = {35--38},
}

@article {KuOsTa05,
    AUTHOR = {K{\"u}hn, Daniela and Osthus, Deryk and Taraz, Anusch},
     TITLE = {Large planar subgraphs in dense graphs},
   JOURNAL = {J. Combin. Theory Ser. B},
  FJOURNAL = {Journal of Combinatorial Theory. Series B},
    VOLUME = {95},
      YEAR = {2005},
    NUMBER = {2},
     PAGES = {263--282},
      ISSN = {0095-8956},
     CODEN = {JCBTB8},
   MRCLASS = {05C35},
  MRNUMBER = {2171366 (2006e:05091)},
MRREVIEWER = {Stanley M. Selkow},
       DOI = {10.1016/j.jctb.2005.04.004},
       URL = {http://dx.doi.org/10.1016/j.jctb.2005.04.004},
}

@book {Bo04,
    AUTHOR = {Bollob{\'a}s, B{\'e}la},
     TITLE = {Extremal graph theory},
      NOTE = {Reprint of the 1978 original},
 PUBLISHER = {Dover Publications Inc.},
   ADDRESS = {Mineola, NY},
      YEAR = {2004},
     PAGES = {xx+488},
      ISBN = {0-486-43596-2},
   MRCLASS = {05C35 (05-02)},
  MRNUMBER = {2078877 (2005b:05124)},
}

@article {BoScTa09,
    AUTHOR = {B{\"o}ttcher, Julia and Schacht, Mathias and Taraz, Anusch},
     TITLE = {Proof of the bandwidth conjecture of {B}ollob\'as and
              {K}oml\'os},
   JOURNAL = {Math. Ann.},
  FJOURNAL = {Mathematische Annalen},
    VOLUME = {343},
      YEAR = {2009},
    NUMBER = {1},
     PAGES = {175--205},
      ISSN = {0025-5831},
     CODEN = {MAANA},
   MRCLASS = {05C35 (05C15 05C70 05C78)},
  MRNUMBER = {2448444 (2009g:05078)},
MRREVIEWER = {Deryk Osthus},
       DOI = {10.1007/s00208-008-0268-6},
       URL = {http://dx.doi.org/10.1007/s00208-008-0268-6},
}

@book {Di10,
    AUTHOR = {Diestel, Reinhard},
     TITLE = {Graph theory},
    SERIES = {Graduate Texts in Mathematics},
    VOLUME = {173},
   EDITION = {Fourth},
 PUBLISHER = {Springer},
   ADDRESS = {Heidelberg},
      YEAR = {2010},
     PAGES = {xviii+437},
      ISBN = {978-3-642-14278-9},
   MRCLASS = {05-01 (05Cxx)},
  MRNUMBER = {2744811 (2011m:05002)},
       DOI = {10.1007/978-3-642-14279-6},
       URL = {http://dx.doi.org/10.1007/978-3-642-14279-6},
}


@article {Er59,
    AUTHOR = {Erd\H{o}s, P.},
     TITLE = {Graph theory and probability},
   JOURNAL = {Canad. J. Math.},
  FJOURNAL = {Canadian Journal of Mathematics. Journal Canadien de
              Math\'{e}matiques},
    VOLUME = {11},
      YEAR = {1959},
     PAGES = {34--38},
      ISSN = {0008-414X},
   MRCLASS = {55.00},
  MRNUMBER = {0102081},
MRREVIEWER = {W. Moser},
       DOI = {10.4153/CJM-1959-003-9},
       URL = {https://doi.org/10.4153/CJM-1959-003-9},
}

@article {KoSoTu54,
    AUTHOR = {K\"{o}vari, T. and S\'{o}s, V. T. and Tur\'{a}n, P.},
     TITLE = {On a problem of {K}. {Z}arankiewicz},
   JOURNAL = {Colloquium Math.},
    VOLUME = {3},
      YEAR = {1954},
     PAGES = {50--57},
   MRCLASS = {27.2X},
  MRNUMBER = {0065617},
MRREVIEWER = {J. Riguet},
       DOI = {10.4064/cm-3-1-50-57},
       URL = {https://doi.org/10.4064/cm-3-1-50-57},
}


@article {FiLu07,
    AUTHOR = {Figaj, Agnieszka and {\L}uczak, Tomasz},
     TITLE = {The {R}amsey number for a triple of long even cycles},
   JOURNAL = {J. Combin. Theory Ser. B},
  FJOURNAL = {Journal of Combinatorial Theory. Series B},
    VOLUME = {97},
      YEAR = {2007},
    NUMBER = {4},
     PAGES = {584--596},
      ISSN = {0095-8956},
     CODEN = {JCBTB8},
   MRCLASS = {05C55},
  MRNUMBER = {2325798 (2008c:05119)},
MRREVIEWER = {Ioan Tomescu},
       DOI = {10.1016/j.jctb.2006.09.001},
       URL = {http://dx.doi.org/10.1016/j.jctb.2006.09.001},
}

@article {FaSc75,
    AUTHOR = {Faudree, R. J. and Schelp, R. H.},
     TITLE = {Path {R}amsey numbers in multicolorings},
   JOURNAL = {J. Combinatorial Theory Ser. B},
  FJOURNAL = {Journal of Combinatorial Theory. Series B},
    VOLUME = {19},
      YEAR = {1975},
    NUMBER = {2},
     PAGES = {150--160},
   MRCLASS = {05C35},
  MRNUMBER = {0412023 (54 \#152)},
MRREVIEWER = {S. A. Burr},
}

@article {GeGy67,
    AUTHOR = {Gerencs{\'e}r, L. and Gy{\'a}rf{\'a}s, A.},
     TITLE = {On {R}amsey-type problems},
   JOURNAL = {Ann. Univ. Sci. Budapest. E\"otv\"os Sect. Math.},
  FJOURNAL = {Annales Universitatis Scientiarum Budapestinensis de Rolando
              E\"otv\"os Nominatae. Sectio Mathematica},
    VOLUME = {10},
      YEAR = {1967},
     PAGES = {167--170},
      ISSN = {0524-9007},
   MRCLASS = {05.40},
  MRNUMBER = {0239997 (39 \#1351)},
MRREVIEWER = {H. A. Jung},
}

@book {GrRoSp90,
    AUTHOR = {Graham, Ronald L. and Rothschild, Bruce L. and Spencer, Joel
              H.},
     TITLE = {Ramsey theory},
    SERIES = {Wiley-Interscience Series in Discrete Mathematics and
              Optimization},
   EDITION = {Second},
      NOTE = {A Wiley-Interscience Publication},
 PUBLISHER = {John Wiley \& Sons Inc.},
   ADDRESS = {New York},
      YEAR = {1990},
     PAGES = {xii+196},
      ISBN = {0-471-50046-1},
   MRCLASS = {05-02 (04A20 05A99 05C55 54H20)},
  MRNUMBER = {1044995 (90m:05003)},
}

@article {GyRuSaSz07,
    AUTHOR = {Gy{\'a}rf{\'a}s, Andr{\'a}s and Ruszink{\'o}, Mikl{\'o}s and
              S{\'a}rk{\"o}zy, G{\'a}bor N. and Szemer{\'e}di, Endre},
     TITLE = {Tripartite {R}amsey numbers for paths},
   JOURNAL = {J. Graph Theory},
  FJOURNAL = {Journal of Graph Theory},
    VOLUME = {55},
      YEAR = {2007},
    NUMBER = {2},
     PAGES = {164--174},
      ISSN = {0364-9024},
     CODEN = {JGTHDO},
   MRCLASS = {05C55},
  MRNUMBER = {2316280 (2008b:05111)},
MRREVIEWER = {Vera Rosta},
}

@article {GyRuSaSz07b,
    AUTHOR = {Gy{\'a}rf{\'a}s, Andr{\'a}s and Ruszink{\'o}, Mikl{\'o}s and
              S{\'a}rk{\"o}zy, G{\'a}bor N. and Szemer{\'e}di, Endre},
     TITLE = {Three-color {R}amsey numbers for paths},
   JOURNAL = {Combinatorica},
  FJOURNAL = {Combinatorica. An International Journal on Combinatorics and
              the Theory of Computing},
    VOLUME = {27},
      YEAR = {2007},
    NUMBER = {1},
     PAGES = {35--69},
      ISSN = {0209-9683},
   MRCLASS = {05C55},
  MRNUMBER = {2310787 (2008b:05110)},
MRREVIEWER = {R. H. Schelp},
}

@article {HaLuPeRoRuSiSk06,
    AUTHOR = {Haxell, P. E. and {\L}uczak, T. and Peng, Y. and R{\"o}dl, V.
              and Ruci{\'n}ski, A. and Simonovits, M. and Skokan, J.},
     TITLE = {The {R}amsey number of hypergraph cycles. {I}},
   JOURNAL = {J. Combin. Theory Ser. A},
  FJOURNAL = {Journal of Combinatorial Theory. Series A},
    VOLUME = {113},
      YEAR = {2006},
    NUMBER = {1},
     PAGES = {67--83},
      ISSN = {0097-3165},
     CODEN = {JCBTA7},
   MRCLASS = {05C55},
  MRNUMBER = {2192770 (2006i:05110)},
MRREVIEWER = {Andr{\'a}s Gy{\'a}rf{\'a}s},
}

@article {HaLuTi02,
    AUTHOR = {Haxell, P. E. and {\L}uczak, T. and Tingley, P. W.},
     TITLE = {Ramsey numbers for trees of small maximum degree},
      NOTE = {Special issue: Paul Erd{\H{o}}s and his mathematics},
   JOURNAL = {Combinatorica},
  FJOURNAL = {Combinatorica. An International Journal on Combinatorics and
              the Theory of Computing},
    VOLUME = {22},
      YEAR = {2002},
    NUMBER = {2},
     PAGES = {287--320},
      ISSN = {0209-9683},
   MRCLASS = {05C55 (05C05 05C35)},
  MRNUMBER = {1909088 (2003d:05141)},
MRREVIEWER = {Jerrold W. Grossman},
}

@article {Ko99,
    AUTHOR = {Koml{\'o}s, J{\'a}nos},
     TITLE = {The blow-up lemma},
      NOTE = {Recent trends in combinatorics (M{\'a}trah{\'a}za, 1995)},
   JOURNAL = {Combin. Probab. Comput.},
  FJOURNAL = {Combinatorics, Probability and Computing},
    VOLUME = {8},
      YEAR = {1999},
    NUMBER = {1-2},
     PAGES = {161--176},
      ISSN = {0963-5483},
   MRCLASS = {05C35 (05C70)},
  MRNUMBER = {1684627 (2000b:05081)},
MRREVIEWER = {Michael O. Albertson},
}

@article {KoSaSz97,
    AUTHOR = {Koml{\'o}s, J{\'a}nos and S{\'a}rk{\"o}zy, G{\'a}bor N. and
              Szemer{\'e}di, Endre},
     TITLE = {Blow-up lemma},
   JOURNAL = {Combinatorica},
  FJOURNAL = {Combinatorica. An International Journal on Combinatorics and
              the Theory of Computing},
    VOLUME = {17},
      YEAR = {1997},
    NUMBER = {1},
     PAGES = {109--123},
      ISSN = {0209-9683},
   MRCLASS = {05C35},
  MRNUMBER = {1466579 (99b:05083)},
MRREVIEWER = {Lane Clark},
}

@article {KoSaSz98,
    AUTHOR = {Koml{\'o}s, J{\'a}nos and S{\'a}rk{\"o}zy, Gabor N. and Szemer{\'e}di,
              Endre},
     TITLE = {An algorithmic version of the blow-up lemma},
   JOURNAL = {Random Structures Algorithms},
  FJOURNAL = {Random Structures \& Algorithms},
    VOLUME = {12},
      YEAR = {1998},
    NUMBER = {3},
     PAGES = {297--312},
      ISSN = {1042-9832},
   MRCLASS = {05C85 (68R10)},
  MRNUMBER = {1635264 (99h:05113)},
MRREVIEWER = {Miros{\l}aw Truszczy{\'n}ski},
}

@article {Lu99,
    AUTHOR = {{\L}uczak, Tomasz},
     TITLE = {{$R(C_n,C_n,C_n)\leq(4+o(1))n$}},
   JOURNAL = {J. Combin. Theory Ser. B},
  FJOURNAL = {Journal of Combinatorial Theory. Series B},
    VOLUME = {75},
      YEAR = {1999},
    NUMBER = {2},
     PAGES = {174--187},
      ISSN = {0095-8956},
     CODEN = {JCBTB8},
   MRCLASS = {05C55 (05C35 05C38)},
  MRNUMBER = {1676887 (2000b:05096)},
MRREVIEWER = {Sheshayya A. Choudum},
}

@article {Ra94,
    AUTHOR = {Radziszowski, Stanis{\l}aw P.},
     TITLE = {Small {R}amsey numbers},
   JOURNAL = {Electron. J. Combin.},
  FJOURNAL = {Electronic Journal of Combinatorics},
    VOLUME = {1},
      YEAR = {1994 (Lastest update: 2011)},
     PAGES = {Dynamic Survey 1, 84 pp. (electronic)},
      ISSN = {1077-8926},
   MRCLASS = {05C55},
  MRNUMBER = {1670625 (99k:05117)},
MRREVIEWER = {Ivan Pashov},
}



@article {RoRu99,
    AUTHOR = {R{\"o}dl, Vojtech and Ruci{\'n}ski, Andrzej},
     TITLE = {Perfect matchings in {$\epsilon$}-regular graphs and the
              blow-up lemma},
   JOURNAL = {Combinatorica},
  FJOURNAL = {Combinatorica. An International Journal on Combinatorics and
              the Theory of Computing},
    VOLUME = {19},
      YEAR = {1999},
    NUMBER = {3},
     PAGES = {437--452},
      ISSN = {0209-9683},
   MRCLASS = {05C70},
  MRNUMBER = {1723256 (2000j:05100)},
MRREVIEWER = {Charles H. C. Little},
}

@article {RoRuTa99,
    AUTHOR = {R{\"o}dl, V. and Ruci{\'n}ski, A. and Taraz, A.},
     TITLE = {Hypergraph packing and graph embedding},
      NOTE = {Random graphs and combinatorial structures (Oberwolfach,
              1997)},
   JOURNAL = {Combin. Probab. Comput.},
  FJOURNAL = {Combinatorics, Probability and Computing},
    VOLUME = {8},
      YEAR = {1999},
    NUMBER = {4},
     PAGES = {363--376},
      ISSN = {0963-5483},
   MRCLASS = {05C65 (05C10 05C70)},
  MRNUMBER = {1723649 (2000m:05164)},
MRREVIEWER = {Sergei L. Bezrukov},
}

@phdthesis {Bo09,
  AUTHOR = {B{\"o}ttcher, Julia},
  TITLE = {Embedding large graphs -- The {B}ollob{\'a}s--{K}oml{\'o}s conjecture and beyond},
  SCHOOL = {Technische Universit{\"a}t M{\"u}nchen},
  YEAR = {2009},
}

@article {BeSk09,
    AUTHOR = {Benevides, Fabricio Siqueira and Skokan, Jozef},
     TITLE = {The 3-colored {R}amsey number of even cycles},
   JOURNAL = {J. Combin. Theory Ser. B},
  FJOURNAL = {Journal of Combinatorial Theory. Series B},
    VOLUME = {99},
      YEAR = {2009},
    NUMBER = {4},
     PAGES = {690--708},
      ISSN = {0095-8956},
     CODEN = {JCBTB8},
   MRCLASS = {05C55 (05C38)},
  MRNUMBER = {2518202 (2010h:05186)},
MRREVIEWER = {Jerrold W. Grossman},
}


@article{AlBrSk13,
 author =       {Allen, P. and Brightwell, G. and Skokan, J.},
 title =        {Ramsey-goodness -- and otherwise},
 journal = 	{Combinatorica},
 note =      	{to appear},
}

http://www.ime.usp.br/~mota/pub.html

@article{MoSaScTa13,
 author =       {Mota, G. O. and S{\'a}rk{\"o}zy, G. N. and Schacht, M. and Taraz, A.},
 title =        {Ramsey numbers for bipartite graphs with small bandwidth},
 note =      	{http://www.ime.usp.br/{$\sim$}mota/pub.html},
}

@article {BoPrTaWu10,
    AUTHOR = {B{\"o}ttcher, Julia and Pruessmann, Klaas P. and Taraz, Anusch
              and W{\"u}rfl, Andreas},
     TITLE = {Bandwidth, expansion, treewidth, separators and universality
              for bounded-degree graphs},
   JOURNAL = {European J. Combin.},
  FJOURNAL = {European Journal of Combinatorics},
    VOLUME = {31},
      YEAR = {2010},
    NUMBER = {5},
     PAGES = {1217--1227},
      ISSN = {0195-6698},
   MRCLASS = {05C12 (05C10 05C83)},
  MRNUMBER = {2644412 (2012a:05091)},
       DOI = {10.1016/j.ejc.2009.10.010},
       URL = {http://dx.doi.org/10.1016/j.ejc.2009.10.010},
}

@incollection {KoShSiSz02,
    AUTHOR = {Koml{\'o}s, J{\'a}nos and Shokoufandeh, Ali and Simonovits,
              Mikl{\'o}s and Szemer{\'e}di, Endre},
     TITLE = {The regularity lemma and its applications in graph theory},
 BOOKTITLE = {Theoretical aspects of computer science ({T}ehran, 2000)},
    SERIES = {Lecture Notes in Comput. Sci.},
    VOLUME = {2292},
     PAGES = {84--112},
 PUBLISHER = {Springer},
   ADDRESS = {Berlin},
      YEAR = {2002},
   MRCLASS = {05C35 (05C55 05C80 05C85)},
  MRNUMBER = {1966181 (2004d:05106)},
MRREVIEWER = {W. G. Brown},
       DOI = {10.1007/3-540-45878-6_3},
       URL = {http://dx.doi.org/10.1007/3-540-45878-6_3},
}

@article{Ch67,
AUTHOR = {Tchebichef, P.},
TITLE = {Des valeurs moyennes},
JOURNAL = {MathÃ©matiques Pures et AppliquÃ©es},
YEAR = {1867},
NUMBER = {12},
PAGES = {177â184},
}

@article {FKG71,
    AUTHOR = {Fortuin, C. M. and Kasteleyn, P. W. and Ginibre, J.},
     TITLE = {Correlation inequalities on some partially ordered sets},
   JOURNAL = {Comm. Math. Phys.},
  FJOURNAL = {Communications in Mathematical Physics},
    VOLUME = {22},
      YEAR = {1971},
     PAGES = {89--103},
      ISSN = {0010-3616},
   MRCLASS = {82.62},
  MRNUMBER = {0309498},
MRREVIEWER = {C. A. Hurst},
       URL = {http://projecteuclid.org/euclid.cmp/1103857443},
}

@article{Ma07,
AUTHOR = {Mantel, W.},
TITLE = {Problem 28},
JOURNAL = {Wiskundige Opgaven},
YEAR = {1907},
NUMBER = {10},
PAGES = {60-61},

}

@article {Er38,
    AUTHOR = {Erd\"{o}s, Paul},
     TITLE = {On the {D}ensity of {S}ome {S}equences of {N}umbers: {III}},
   JOURNAL = {J. London Math. Soc.},
  FJOURNAL = {The Journal of the London Mathematical Society},
    VOLUME = {13},
      YEAR = {1938},
    NUMBER = {2},
     PAGES = {119--127},
   MRCLASS = {DML},
  MRNUMBER = {1574138},
       DOI = {10.1112/jlms/s1-13.2.119},
       URL = {https://doi.org/10.1112/jlms/s1-13.2.119},
}

@article {Je06,
    AUTHOR = {Jensen, J. L. W. V.},
     TITLE = {Sur les fonctions convexes et les in\'{e}galit\'{e}s entre les valeurs
              moyennes},
   JOURNAL = {Acta Math.},
  FJOURNAL = {Acta Mathematica},
    VOLUME = {30},
      YEAR = {1906},
    NUMBER = {1},
     PAGES = {175--193},
      ISSN = {0001-5962},
   MRCLASS = {DML},
  MRNUMBER = {1555027},
       DOI = {10.1007/BF02418571},
       URL = {https://doi.org/10.1007/BF02418571},
}

@article {Er70,
    AUTHOR = {Erd\H{o}s, P\'{a}l},
     TITLE = {On the graph theorem of {T}ur\'{a}n},
   JOURNAL = {Mat. Lapok},
  FJOURNAL = {Matematikai Lapok. Bolyai J\'{a}nos Matematikai T\'{a}rsulat},
    VOLUME = {21},
      YEAR = {1970},
     PAGES = {249--251 (1971)},
      ISSN = {0025-519X},
   MRCLASS = {05C35},
  MRNUMBER = {0307975},
MRREVIEWER = {S. Znam},
}

@article {BoHeTa10,
    AUTHOR = {B{\"o}ttcher, Julia and Heinig, Peter and Taraz, Anusch},
     TITLE = {Embedding into bipartite graphs},
   JOURNAL = {SIAM J. Discrete Math.},
  FJOURNAL = {SIAM Journal on Discrete Mathematics},
    VOLUME = {24},
      YEAR = {2010},
    NUMBER = {4},
     PAGES = {1215--1233},
      ISSN = {0895-4801},
     CODEN = {SJDMEC},
   MRCLASS = {05C70 (05C35)},
  MRNUMBER = {2735919 (2012a:05241)},
MRREVIEWER = {G{\'a}bor N. S{\'a}rk{\"o}zy},
       DOI = {10.1137/090765481},
       URL = {http://dx.doi.org/10.1137/090765481},
}

@article{ReEr60,
  title={On the evolution of random graphs},
  author={R{\'e}nyi, P Erd{\H{o}}s-A},
  journal={Publ. Math. Inst. Hung. Acad. Sci. A},
  volume={5},
  pages={17--61},
  year={1960}
}
